<?xml version="1.0" encoding="UTF-8"?><collection xmlns="http://www.loc.gov/MARC21/slim"><record><leader>00424nam--2200157-i-4500</leader><controlfield tag="001">000008599</controlfield><controlfield tag="002">20161230</controlfield><controlfield tag="005">20170210204811</controlfield><controlfield tag="008">060222s1000------------r-----000-0-eng-d</controlfield><datafield ind1=" " ind2=" " tag="245"><subfield code="a">Annual review of information science and technology</subfield></datafield><datafield ind1=" " ind2=" " tag="260"><subfield code="a">New York</subfield><subfield code="b">John Wiley &amp; Sons</subfield><subfield code="c">1956</subfield></datafield><datafield ind1=" " ind2=" " tag="300"><subfield code="a">484 p</subfield></datafield><datafield ind1=" " ind2=" " tag="490"><subfield code="a">American Documentation Institute</subfield></datafield><datafield ind1=" " ind2=" " tag="700"><subfield code="a">Luke, Ann W</subfield></datafield><datafield ind1=" " ind2=" " tag="852"><subfield code="a">002</subfield></datafield><datafield ind1=" " ind2=" " tag="CAT"><subfield code="a">SYS</subfield><subfield code="c">20170210</subfield><subfield code="h">204811</subfield></datafield></record></collection>